@book{book_artificial_intelligence_modern_approach,
	title   = {Artificial Intelligence: A Modern Approach},
	year    = {2003},
	author  = {S. Russell and P. Norvig },
	edition = {2nd ed.}
}

@book{book_organization_of_behavior,
	title   = {The Organization of Behavior},
	year    = {1949},
	author  = {D. Hebb}
}

@article{1999_gradient_boosting_machine,
	title   = {Greedy Function Approximation: A Gradient Boosting Machine.},
	journal = {},
	volume	= {29},
	number  = {5},
	pages   = {1189-1232},
	year    = {2001},
	author  = {J. H. Friedman},
	note 	= {doi:10.1214/aos/1013203451}
}

@article{1999_stochastic_gradient_boosting,
	title   = {Stochastic Gradient Boosting},
	journal = {Computational Statistics and Data Analysis},
	volume	= {38},
	number  = {4},
	pages   = {367-378},
	year    = {2002},
	author  = {J. H. Friedman},
	note 	= {doi:10.1016/S0167-9473(01)00065-2}
}


@article{1995_support_vector_clustering,
	title   = {Support Vector Clustering},
	journal = {Journal of Machine Learning Research},
	volume	= {},
	number  = {2},
	pages   = {125-137},
	year    = {2001},
	author  = {A. Ben-Hur, D. Horn, H. Siegelmann, and V. Vapnik}
}


@article{1995_support_vector_networks,
	title   = {Support-Vector Networks},
	journal = {Machine Learning},
	volume	= {20},
	number  = {3},
	pages   = {273-297},
	year    = {1995},
	author  = {C. Cortes, V. Vapnik},
	note 	= {doi:10.1007/BF00994018}
}

@article{1975_beyond_regression_prediction_analysis,
	title   = {Beyond Regression: New Tools for Prediction and Analysis in the Behavioral Sciences},
	journal = {},
	number  = {},
	pages   = {},
	year    = {1975},
	author  = {P. J. Werbos}
}

@article{2003_tackling_poor_assumptions_naive_bayes,
	author = {Jason D. M. Rennie and Lawrence Shih and Jaime Teevan and David R. Karger},
	title = {Tackling the Poor Assumptions of Naive Bayes Text Classifiers},
	booktitle = {In Proceedings of the Twentieth International Conference on Machine Learning},
	year = {2003},
	pages = {616--623},
	note 	= {doi:10.1.1.13.8572}
}

@article{1987_simplifying_decision_trees,
	title   = {Simplifying decision trees},
	journal = {International Journal of Man-Machine Studies},
	volume	= {27},
	number  = {3},
	pages   = {221},
	year    = {1987},
	author  = {J. R. Quinlan}
}

@article{1943_logical_calculus_ideas_immanent_nervous_activity,
	title   = {A Logical Calculus of Ideas Immanent in Nervous Activity},
	journal = {Bulletin of Mathematical Biophysics},
	volume	= {5},
	number  = {4},
	pages   = {115-133},
	year    = {1943},
	author  = {W. McCulloch and W. Pitts}
}

@article{1994_good_features_to_track,
	title   = {Good Features to Track},
	journal = {9th IEEE Conference on Computer Vision and Pattern Recognition},
	number  = {},
	pages   = {},
	year    = {1994},
	author  = {J. Shi, C. Tomasi},
	note 	= {doi:10.1109/CVPR.1994.323794}
}

@article{1998_feature_detection,
	title   = {Feature detection with automatic scale selection},
	journal = {International Journal of Computer Vision},
	number  = {30},
	volume	= {2},
	pages   = {77-116},
	year    = {1998},
	author  = {T. Lindeberg},
	note 	= {doi:10.1023/A:1008045108935}
}

@article{2007_invariant_features_survey,
	title   = {Local Invariant Feature Detectors: A Survey},
	journal = {Foundations and Trends in Computer Graphics and Vision},
	number  = {3},
	volume	= {3},
	pages   = {177-280},
	year    = {2007},
	author  = {Tinne Tuytelaars and Krystian Mikolajczyk},
	note 	= {doi:10.1561/0600000017}
}

@article{1994_lbp_paper,
	title   = {Performance evaluation of texture measures with classification based on Kullback discrimination of distributions},
	journal = {Proceedings of the 12th IAPR International Conference on Pattern Recognition},
	number  = {},
	volume	= {1},
	pages   = {582-585},
	year    = {1994},
	author  = {T. Ojala, M. Pietik{\"a}inen, and D. Harwood},
	note 	= {doi:10.1109/ICPR.1994.576366}
}

@article{1996_lbp_paper,
	title   = {A Comparative Study of Texture Measures with Classification Based on Feature Distributions},
	journal = {Pattern Recognition},
	number  = {},
	volume	= {29},
	pages   = {51-59},
	year    = {1996},
	author  = {T. Ojala, M. Pietik{\"a}inen, and D. Harwood},
	note 	= {doi:10.1016/0031-3203(95)00067-4}
}

@article{2001_viola_jones_paper,
	title   = {Rapid object detection using a boosted cascade of simple features},
	journal = {Computer Vision and Pattern Recognition},
	number  = {},
	volume	= {},
	pages   = {},
	year    = {2001},
	author  = {Viola and Jones},
	note 	= {doi:10.1109/CVPR.2001.990517}
}

@article{2006_surf,
	title   = {Speeded Up Robust Features},
	journal = {ETH Zurich, Katholieke Universiteit Leuven},
	number  = {},
	volume	= {},
	pages   = {},
	year    = {2006},
	author  = {Herbert Bay, Andreas Ess, Tinne Tuytelaars, and Luc Van Gool},
	note 	= {doi:10.1016/j.cviu.2007.09.014}
}

@article{2007_hog_human_detection,
	title   = {Histograms of Oriented Gradients for Human Detection},
	journal = {CVPR},
	year    = {2005},
	author  = {Navneet Dalal and Bill Triggs},
	note 	= {doi:10.1109/CVPR.2005.177}
}

@article{vaz_object_based_dune_analysis,
	title   = {Object-based Dune Analysis: Automated dune mapping and pattern characterization for Ganges Chasma and Gale crater, Mars},
	journal = {Geomorphology},
	number  = {},
	volume	= {250},
	pages   = {128-139},
	year    = {2015},
	author  = {David Vaz, Pedro Sarmento, Maria Barata, Lori Fenton, Timothy Michaels},
	note 	= {doi:10.1016/j.geomorph.2015.08.021}
}

@article{ 1979_threshold_selection_method_gray_level_histogram,
	title   = {A threshold selection method from gray-level histograms},
	journal = {IEEE Trans. Sys., Man., Cyber.},
	volume 	= {9},
	number  = {1},
	pages   = {62-66},
	year    = {1979},
	author  = {Nobuyuki Otsu},
	note 	= {doi:10.1109/TSMC.1979.4310076}
}

@article{ 1990_comparative_performance_study_thresholding,
	title   = {A comparative performance study of several global thresholding techniques for segmentation},
	journal = {Computer Vision, Graphics, and Image Processing},
	volume 	= {52},
	number  = {2},
	pages   = {171-190},
	year    = {1990},
	author  = {Lee, Sang Uk and Chung, Seok Yoon and Park, Rae Hong},
	note 	= {doi:10.1016/0734-189X(90)90053-X}
}

@article{ 1967_method_classification_analysis_multivariate_observations,
	title   = {Some Methods for Classification and Analysis of Multivariate Observations},
	journal = {Proceedings of 5th Berkeley Symposium on Mathematical Statistics and Probability.},
	volume 	= {},
	number  = {1},
	pages   = {281-297},
	year    = {1967},
	author  = {J. B. MacQueen},
	note 	= {doi:10.1.1.308.8619}
}

@article{ 1965_Cluster_analysis_multivariate_data,
	title   = {Cluster analysis of multivariate data: efficiency versus interpretability of classifications},
	journal = {Biometrics},
	volume 	= {},
	number  = {21},
	pages   = {768-769},
	year    = {1965},
	author  = {E. W. Forgy}
}

@article{ 1994_watershed_continuous_function,
	title   = {Watershed of a continuous function},
	journal = {Signal Processing (Special issue on Mathematical Morphology.)},
	volume 	= {38},
	number  = {1},
	pages   = {99-112},
	year    = {1994},
	author  = {L. Najman, M. Schmitt},
	note 	= {doi:10.1016/0165-1684(94)90059-0}
}

@article{ 1979_workshop_image_processing,
	title   = {Workshop on image processing, real-time edge and motion detection},
	year    = {1979},
	author  = {Serge Beucher and Christian Lantu{\'e}j},
	note 	= {doi:10.1016/0165-1684(94)90059-0}
}

@article{ 2014_priority_flood,
	title   = {Priority-flood: An optimal depression-filling and watershed-labeling algorithm for digital elevation models},
	journal = {Computers and Geosciences},
	volume 	= {62},
	number  = {},
	pages   = {117-127},
	year    = {2014},
	author  = {Barnes, R., Lehman, C., Mulla, D.},
	note 	= {doi:10.1016/j.cageo.2013.04.024}
}


@article{ 1982_least_square_quantization_pcm,
	title   = {Least square quantization in PCM},
	journal = {IEEE Transactions on Information Theory},
	volume 	= {28},
	number  = {2},
	pages   = {129-137},
	year    = {1982},
	author  = {S. P. Lloyd},
	note 	= {doi:10.1109/TIT.1982.1056489}
}

@article{ 2014_history_sobel_operator,
	title   = {History and Definition of the Sobel Operator},
	year	= {2014},
	author  = {Irwin Sobel}
}

@article{ 2004_survey_over_image_thresholding_techniques,
	title   = {Survey over image thresholding techniques and quantitative performance evaluation},
	journal = {Journal of Electronic Imaging},
	volume 	= {13},
	number  = {1},
	pages   = {146-165},
	year    = {2004},
	author  = {M. Sezgin and B. Sankur},
	note 	= {doi:10.1117/1.1631315}
}

@article{ 1986_canny_edge_detection,
	title   = {A computational approach to edge detection},
	journal = {IEEE Transactions on Pattern Analysis and Machine Intelligence},
	number  = {8},
	pages   = {679-698},
	year    = {1986},
	author  = {John Canny},
	note 	= {doi:10.1109/TPAMI.1986.4767851}
}

@article{ 1972_hough_transform_line_detect,
	title   = {Use of the Hough Transformation to Detect Lines and Curves in Pictures},
	journal = {Comm. ACM},
	number  = {15},
	pages   = {11-15},
	year    = {1972},
	author  = {Duda, R. O., and Hart, P. E.},
	note 	= {doi:10.1145/361237.361242}
}

@article{ 1986_extracting_straight_lines,
	title   = {Extracting Straight Lines},
	journal = {IEEE Transactions on Pattern Analysis and Machine Intelligence},
	number  = {8},
	pages   = {425-455},
	year    = {1986},
	author  = {Burns, J.B., Hanson, A.R., Riseman, E.M.},
	note 	= {doi:10.1109/TPAMI.1986.4767808}
}

@article{ 2000_meaningful_alignments,
	title   = {Meaningful Alignments},
	journal = {International Journal of Computer Vision},
	number  = {40},
	pages   = {7-23},
	year    = {2000},
	author  = {Desolneux, A., Moisan, L., Morel, J.-M.},
	note 	= {doi:10.1023/A:1026593302236}
}

@article{ 2010_lsd_fast_line_segment_detector,
	title   = {LSD: A Fast Line Segment Detector with a False Detection Control},
	journal = {IEEE Transactions on  Pattern Analysis and Machine Intelligence },
	number  = {32},
	pages   = {722-732},
	year    = {2010},
	author  = {von Gioi, R.G., Jakubowicz, J., Morel, J.M., Randall, G.},
	note 	= {doi:10.1109/TPAMI.2008.300}
}

@article{ 2001_tensor_voting_epipolar_geometry,
	title   = {N-Dimensional Tensor Voting, and Application to Epipolar Geometry Estimation},
	journal = {IEEE Transactions on Pattern Analysis and Machine Intelligence},
	number  = {23},
	pages   = {829-844},
	year    = {2001},
	author  = {Tang, C.K., G. Medioni, G., Lee, M.S.},
	note 	= {doi:10.1109/34.946987}
}

@article{ 2005_tensor_voting_visual_motion_analysis,
	title   = { Voting-Based Computational Framework for Visual Motion Analysis and Interpretation},
	journal = {IEEE Transactions on Pattern Analysis and Machine Intelligence},
	volume 	= {27},
	number  = {5},
	pages   = {739-752},
	year    = {2005},
	author  = {Nicolescu, M., Medioni, G.},
	note 	= {doi:10.1109/TPAMI.2005.91}
}

@article{ 2006_tensor_voting_stereo_monocular,
	title   = { Stereo Using Monocular Cues within the Tensor Voting Framework},
	journal = {IEEE Transactions on Pattern Analysis and Machine Intelligence},
	volume 	= {28},
	number  = {6},
	pages   = {968-982},
	year    = {2006},
	author  = {Mordohai, P. G., Medioni, G.},
	note 	= {doi:10.1109/TPAMI.2006.129}
}

@article{ 2005_tensor_voting_image_correction,
	title   = { Tensor Voting for Image Correction by Global and Local Intensity Alignment},
	journal = {IEEE Transactions on Pattern Analysis and Machine Intelligence},
	volume 	= {27},
	number  = {1},
	pages   = {36-50},
	year    = {2005},
	author  = {Jia, J., Tang, C.K.},
	note 	= {doi:10.1109/TPAMI.2005.20}
}

@article{ 2006_tensor_voting_video_repairing,
	title   = { Video Repairing under Variable Illumination Using Cyclic Motions},
	journal = {IEEE Transactions on Pattern Analysis and Machine Intelligence},
	volume 	= {28},
	number  = {5},
	pages   = {832-839},
	year    = {2006},
	author  = {Jia, J. , Tai, Y., Wu, T., Tang, C.K.},
	note 	= {doi:10.1109/TPAMI.2006.108}
}

@article{ 2009_tensor_voting_cluttered_backgrounds,
	title   = { An Iterative Multi-Scale Tensor Voting Scheme for Perceptual Grouping of Natural Shapes in Cluttered Backgrounds},
	journal = {Computer Vision and Image Understanding},
	volume 	= {113},
	number  = {1},
	pages   = {126-149},
	year    = {2009},
	author  = {Loss, L., Bebis, G., Nicolescu, M., Skurikhin, A.},
	note 	= {doi:10.1016/j.cviu.2008.07.011}
}

@article{ 2012_automated_extraction_sand_dunes_egypt,
	title   = { A new GIS-based model for automated extraction of Sand Dune encroachment case study: Dakhla Oases, western desert of Egypt},
	journal = {The Egyptian Journal of Remote Sensing and Space Sciences},
	volume 	= {15},
	number  = {1},
	pages   = {53-65},
	year    = {2012},
	author  = {M. Ghadiry, A. Shalaby, B. Koch},
	note 	= {doi:10.1016/j.ejrs.2012.04.001}
}

@article{ gis_article,
	title   = {  Geographic Information Systems as an Integrating Technology: Context, Concepts, and Definitions. },
	journal = {he Geographer's Craft Project, Department of Geography, The University of Colorado at Boulder},
	volume 	= {},
	number  = {},
	pages   = {},
	year    = {2015},
	author  = {Kenneth E. Foote and Margaret Lynch}
}

@article{ 2015_automated_mapping_of_linear_dunefield,
	title   = { Automated mapping of linear dunefield morphometric parameters
	from remotely-sensed data },
	journal = {Aeolian Research},
	volume 	= {19},
	number  = {},
	pages   = {215-224},
	year    = {2015},
	author  = {M.W. Telfer, R.M. Fyfe, S. Lewin},
	note 	= {doi:10.1016/j.aeolia.2015.03.001}
}

@article{ 2007_Machine_Learning_tools_automatic_mapping_mars,
	title   = { Machine Learning Tools for Automatic Mapping of Martian Landforms },
	journal = { IEEE Intelligent Systems},
	volume 	= {22},
	number  = {6},
	pages   = {100-106},
	year    = {2007},
	author  = {T. Stepinski, R. Vilalta, S. Ghosh},
	note 	= {doi:10.1109/MIS.2007.114}
}

@article{ 2011_neural_network_based_dunal_landform_mapping,
	title   = { Neural Network Based Dunal Landform Mapping From Multispectral Images Using Texture Features },
	journal = { IEEE Journal of Selected Topics in Applied Earth Observations and Remote Sensing },
	volume 	= {4},
	number  = {1},
	pages   = {171-184},
	year    = {2011},
	author  = {R. R. Chowdhury, B. Deshmukh, A. K. Goswami, and	S. S. Prasad},
	note 	= {doi:10.1109/JSTARS.2010.2062491}
}

@article{ 2013_sar_image_automated_detection_dune_area,
	title   = { SAR image automated detection of dune area },
	journal = { Geoscience and Remote Sensing Symposium (IGARSS), 2013 IEEE International },
	volume 	= {},
	number  = {},
	pages   = {1489-1492},
	year    = {2013},
	author  = {C. Gouinaud, A. I. Doutoum, P. Gouinaud, and M. K. Traore },
	note 	= {doi:10.1109/IGARSS.2013.6723068}
}

@article{ 2016_comparisons_crest_line_extraction_marine_dunes,
	title   = { Comparisons of crest line extraction algorithms	applied to marine dunes },
	journal = { OCEANS 2016 MTS/IEEE Monterey },
	volume 	= {},
	number  = {},
	pages   = {},
	year    = {2016},
	author  = {J. Ogor and B. Zerr },
	note 	= {doi:10.1109/OCEANS.2016.7761318}
}

@article{ 2006_automated_classification_landform_elements,
	title   = {Automated classification of landform elements using object-based image analysis },
	journal = { Geomorphology },
	volume 	= {81},
	number  = {3-4},
	pages   = {330-344},
	year    = {2006},
	author  = {L. Dr{\u a}guţ and T. Blaschke},
	note 	= {doi:10.1016/j.geomorph.2006.04.013}
}

@online{ 2005_topology_driven_algorithms_for_ridge_extraction,
	title   = { Topology driven algorithms for ridge extraction on meshes },
	year    = {2005},
	author  = {F. Cazals and M. Pouget },
	url = {https://hal.inria.fr/inria-00070481/},
}

@article{ 2005_smooth_feature_lines_surface_meshes,
	title   = {Smooth Feature Lines on Surface Meshes },
	journal = { Symposium on geometry processing },
	volume 	= {},
	number  = {85},
	pages   = {85–90},
	year    = {2005},
	author  = {K. Hildebrandt, K. Polthier, and M. Wardetzky}
}

@article{ 2004_ridge_valley_lines_meshes_surface_fitting,
	title   = {Ridge-valley lines on meshes via implicit surface fitting },
	journal = { ACM Transactions on Graphics (TOG) },
	volume 	= {23},
	number  = {3},
	pages   = {609–612},
	year    = {2004},
	author  = {Y. Ohtake, A. Belyaev, and H.-P. Seidel},
	note 	= {doi:10.1145/1015706.1015768}
}

@article{ 1973_textural_features_image_classification,
	title   = { Textural Features for Image Classification },
	journal = { IEEE Transactions on Systems Man, and Cybernetics },
	volume 	= {SMC-3},
	number  = {6},
	pages   = {610-621},
	year    = {1973},
	author  = {R. M. Haralick, K. Shanmugam, and I. Dinstein },
	note 	= {doi:10.1109/TSMC.1973.4309314}
}

@article{goudie_desert_landforms_namibia,
	title   = {Desert Landforms in Namibia - a Landsat interpretation},
	author  = {Andrew S. Goudie}
}

@incollection {goodie_namib_sand_sea_ancient_desert,
	author 	= {Andrew S. Goudie},
	title 	= {Namib Sand Sea: Large Dunes in an Ancient Desert},
	editor 	= {Migoń, Piotr.}
	booktitle   = {Geomorphological Landscapes of the World},
	publisher   = {Springer},
	address     = {New York, NY},
	year        = {2010},
	pages       = {163-169},
	chapter     = {17},
}

@article{lancaster_winds_sand_movement_namib_sea,
	title   = {Winds and Sand Movements in the Namib Sand Sea},
	journal = {Earth Surface Processes and Landforms},
	pages   = {607-–619},
	volume 	= {10},
	number 	= {6},
	year    = {1985},
	author  = {N. Lancaster},
	note 	= {doi:10.1002/esp.3290100608}
}

@article{lancaster_linear_dunes_kalahari,
	title   = {Development of linear dunes in the southwestern Kalahari Southern Africa},
	journal = {Journal of Arid Environments},
	pages   = {233-244},
	year    = 1987,
	author  = {N. Lancaster}
}

@article{lancaster_dunes_skeleton_coast,
	title   = {Dunes on the Skeleton Coast, Namibia (South West Africa): Geomorphology and Grain Size Relationships},
	journal = {Earth Surface Processes and Landforms},
	pages   = {575-587},
	volume 	= {7},
	year    = {1982},
	author  = {N. Lancaster},
	note 	= {doi:10.1002/esp.3290070606}
}

@incollection {hesse_australian_desert_dunefields,
	author 	= {Paul P. Hesse},
	title 	= {The Australian desert dunefields: formation and evolution in an old, flat, dry continent},
	editor 	= {Bishop, P. & Pillans, B.}
	booktitle   = {Australian Landscapes},
	publisher   = {Geological Society},
	address     = {London},
	year        = {2010},
	pages       = {141-164},
	note 	= {doi:10.1144/SP346.9}
}

@article {twidale_simpson_desert_australia,
	author 	= {C. R. Twidale},
	title 	= {The Simpson Desert, central Australia},
	journal = {South African Geographic Journal},
	volume 	= {65},
	year	= {1980},
	pages	= {3-17},
	note 	= {doi:10.1080/03736245.1980.10559618}
}

@incollection {zimbelman_eolian_deposits_western_united_states,
	author 	= {James R. Zimbelman, Steven H. Williams},
	title 	= {Eolian dunes and deposits in the western United States as analogs to wind-related features on Mars},
	editor 	= {Mary Chapman}
	booktitle   = {The Geology of Mars: Evidence from Earth-based Analogs},
	chapter	= {9},
	publisher   = {Cambridge University Press},
	address     = {Cambridge},
	year        = {2007},
	pages       = {232-263},
	note 	= {doi:10.1017/CBO9780511536014.010}
}

@phdthesis {pepe_winnemucca_dune_complex,
	author 	= {Nathaniel Pepe},
	title 	= {The Geomorphology, Eolian Activity, and Petrology of the Winnemucca Dune Complex, Humboldt County, Nevada, USA},
	school	= {University of Nevada, Reno}
	year        = {2015},
	note 	= {1559479}
}

@article {ewing_aeolian_dune_interaction_white_sands,
	author 	= {Ryan C. Ewing, Gary A. Kocurek},
	title 	= {Aeolian dune interactions and dune-field pattern formation: White Sands Dune Field, New Mexico},
	journal = {Sedimentology},
	volume 	= {57},
	year	= {2010},
	pages	= {1199-1219},
	note 	= {doi:10.1111/j.1365-3091.2009.01143.x}
}

@conference {fenton_aeolian_sediment_ganges_chasma_mars,
	author 	= {L. K. Fenton, T. I. Michaels, R. A. Beyer},
	title 	= {Aeolian Sediment Sources and Transport in Ganges Chasma, Mars: Morphology and Atmospheric Modeling},
	conference = {43rd Lunar and Planetary Science Conference},
	year	= {2012}
}

@article{1969_finite_fourier_transform,
	title   = {The finite Fourier transform},
	journal = {IEEE Trans. Audio Electroacoustics},
	pages   = {77-85},
	volume 	= {17},
	year    = {1969},
	number 	= {2}
	author  = {J. Cooley, P. Lewis, and P. Welch},
	note 	= {doi:10.1109/TAU.1969.1162036}
}

@article{1988_fast_fourier_transform_applications,
	title   = {The fast Fourier transform and its applications},
	journal = { IEEE Transactions on Education},
	pages   = {27--34},
	volume 	= {12},
	year    = {1969},
	number 	= {1}
	author  = {J. Cooley, P. Lewis, and P. Welch},
	note 	= {doi:10.1109/TE.1969.4320436}
}


@article{huang_median_filtering_algorithm,
	title   = {A fast two-dimensional median filtering algorithm},
	journal = {IEEE Transactions on Acoustics, Speech, Signal Processing},
	pages   = {13-18},
	volume 	= {27},
	year    = {1979},
	number 	= {1}
	author  = {T. Huang, G. Yang, G. Tang},
	note 	= {doi:10.1109/TASSP.1979.1163188}
}

@book {digital_image_processing_book,
	title   = {Digital Image Processing},
	year    = {2008},
	author  = {R. C. Gonzalez, R. E. Woods}
	edition = {Third Edition}
}

@book {foundations_machine_learning_book,
	title   = {Foundations of Machine Learning},
	year    = {2012},
	author  = {Mehryar Mohri, Afshin Rostamizadeh, Ameet Talwalkar},
	publisher = {The MIT Press}
}

@book {machine_learning_book,
	title   = {Machine Learning},
	year    = {1997},
	author  = {Mitchell, T.},
	publisher = {McGraw Hill}
}

@article{lowe_sift_paper,
	title   = {Distinctive Image Features from Scale-Invariant Keypoints},
	journal = {International Journal of Computer Vision},
	year    = {2004},
	volume 	= {60},
	number	= {2},
	pagess	= {60--91},
	author  = {David G. Lowe},
	note 	= {doi:10.1023/B:VISI.0000029664.99615.94}
}

@article{dalal_histogram_oriented_gradients_human_detection,
	title   = {Histograms of Oriented Gradients for Human Detection},
	journal = {CVPR},
	pages   = {886-893},
	year    = {2005},
	author  = {N. Dalal, B. Triggs},
	note 	= {doi:10.1109/CVPR.2005.177}
}

@article{hu_gradient_field_descriptor,
	title   = {Gradient Field Descriptor for Sketch Based Retrieval and Localization},
	journal = {2010 IEEE International Conference on Image Processing},
	pages   = {1025-1028},
	year    = {2010},
	author  = {Rui Hu, Mark Barnard, John Collomosse},
	note 	= {doi:10.1109/ICIP.2010.5649331}
}

@article{opencv_library,
    author = {Bradski, G.},
    citeulike-article-id = {2236121},
    journal = {Dr. Dobb's Journal of Software Tools},
    keywords = {bibtex-import},
    posted-at = {2008-01-15 19:21:54},
    priority = {4},
    title = {},
    year = {2000}
}

@article{BandeiraMarques,
  author =       {Lourenco Bandeira, Jorge S. Marques, Jose Saraiva, and Pedro Pina},
  title =        {Advances in automated detection of sand dunes on Mars},
  journal =      {Earth Surface Processes and Landforms},
  year 		= {2013},
  pages 	= {275--283},
  volume	= {38},
  number	= {3},
  note 	= {doi:10.1002/esp.3323}
  
}

@article{Kocurek_Ewing,
  author = {Gary Kocurek, Ryan C. Ewing},
  title =  {Aeolian dune field self-organization - implications for the formation of simple versus complex dune-field patterns},
  journal = {Geomorphology},
  year = {2005},
  number = {1-4},
  volume = {72},
  pages = {94-105},
  note 	= {doi:10.1016/j.geomorph.2005.05.005}
}

@article{Ewing_Peyret_Kocurek_Bourke,
  author =       {Ryan C. Ewing, Aymeric-Pierre B. Peyret, Gary Kocurek, and Mary Bourke},
  title =        {Dune field pattern formation and recent transporting winds in the Olympia Undae Dune Field, north polar region of Mars},
  journal =      {Journal of Geophysical Research},
  year =         {2010},
  volume =    {115},
  number =    {E8},
  pages =     {},
  note 	= {doi:10.1029/2009JE003526}
}

@article{Multi_spatial_analysis_aeolian_dune_field_patterns,
  author =       {Ryan C. Ewing, George D. McDonald, Alex G. Hayes},
  title =        {Multi-spatial analysis of aeolian dune-field patterns},
  journal =      {Journal of Geomorphology},
  year =         {2014},
  volume =    {240},
  number =    {1},
  pages =     {44--53},
  note 	= {doi:10.1016/j.geomorph.2014.11.023}
}

@Article{Extraction_roads_multispectral_imagery,
  author =       "Trish Keaton, Jeffrey Brokish",
  title =        "A Level Set Method for the Extraction of Roads from Multispectral Imagery",
  journal =      "Applied Imagery Pattern Recognition Workshop",
  year =         "2002",
  volume =    "",
  number =    "",
  pages =     "",
  note 	= {doi:10.1109/AIPR.2002.1182268}
}

@Article{Improved_Canny_Edge_Detection,
  author =       "Weibin Rong, Zhanjing Li, Wei Zhang, and Lining Sun",
  title =        "An Improved Canny Edge Detection Algorithm",
  journal =      "IEEE International Conference on Mechatronics and Automation",
  year =         "2014",
  volume =    "",
  number =    "",
  pages =     "",
  note 	= {doi:10.1109/ICMA.2014.6885761}
}

@Article{Application_spatial_cross_correlation_detection_submarine_dunes,
  author =       "Garret P. Duffy, and John E. Hughes-Clarke",
  title =        "Application of Spatial Cross Correlation to Detection of Migration of Submarine Sand Dunes",
  journal =      "Journal of Geophysical Research",
  year =         "2005",
  volume =    "110",
  number =    "F4",
  pages =     "",
  note 	= {doi:10.1029/2004JF000192}
}

@Article{Canny_edge_detection_enhancement_scale_multiplication,
  author =       "Paul Bao, Lei Zhang, and Xiaolin Wu",
  title =        "Canny Edge Detection Enhancement by Scale Multiplication",
  journal =      "IEEE Transaction on Pattern Analysis and Machine Intelligence",
  year =         "2005",
  volume =    "27",
  number =    "9",
  pages =     "1485-1490",
  note 	= {doi:10.1109/TPAMI.2005.173}
}

@Article{Extracting_ocean_surface_feature_modis,
  author =       "Chih-Chung Kao, Liang-Hwei Lee, Chih-Chiang Tai, Yung-Chung Wei",
  title =        "Extracting the Ocean Surface Feature of Non-linear Internal Solitary Waves in MODIS Satellite Images",
  journal =      "Intelligent Information Hiding and Multimedia Signal Processing",
  year =         "2007",
  volume =    "",
  number =    "",
  pages =     "",
  note 	= {doi:10.1109/IIHMSP.2007.4457485}
}

@Article{Runway_detection_tracking_unmanned,
  author =       "Xiaobing Wang, Baokui Li, Qingbo Geng",
  title =        "Runway Detection and Tracking for Unmanned Aerial Vehicle Based on an Improved Canny Edge Detection Algorithm",
  journal =      "4th International Conference on Intelligent Human-Machine Systems and Cybernetics",
  year =         "2012",
  volume =    "",
  number =    "",
  pages =     "",
  note 	= {doi:10.1109/IHMSC.2012.132}
}

@Article{Robust_Faint_Line_Detection_Enhancement_Algorithm,
  author =       "Mrinmoy Ghorai and Bhabatosh Chanda",
  title =        "A Robust Faint Line Detection and Enhancement Algorithm for Mural Images",
  journal =      "Fourth National Conference on Computer Vision, Pattern Recognition, Image Processing and Graphics",
  year =         "2013",
  volume =    "",
  number =    "",
  pages =     "",
  month =     "",
  note 	= {doi:10.1109/NCVPRIPG.2013.6776175}
}

@Article{Image_Edge_detection_Rotating_Kernel_Transformation,
  author =       "Shuai Wanh, Shuifa Sun, Qing Guo, Fangmin Dong, and Chunyan Zhou",
  title =        "Image Edge Detection Based on Rotating Kernel Transformation",
  journal =      "7th International Congress on Image and Signal Processing",
  year =         "2014",
  volume =    "",
  number =    "",
  pages =     "",
  note 	= {doi:10.1109/CISP.2014.7003813}
}

@Article{Automated_cable_tracking_sonar_imagery,
  author =       "Jason C. Isaacs and Ross Goroshin",
  title =        "Automated Cable Tracking in Sonar Imagery",
  journal =      "OCEANS 2010",
  year =         "2010",
  volume =    "",
  number =    "",
  pages =     "",
  note 	= {doi:10.1109/OCEANS.2010.5664414}
}

@Article{Organization_smooth_image_curves_multiple_scales,
  author =       "David G. Lowe",
  title =        "Organization of Smooth Image Curves at Multiple Scales",
  journal =      "International Journal of Computer Vision",
  year =         "1988",
  volume =    "3",
  number =    "2",
  pages =     "119-130",
  note 	= {doi:10.1007/BF00126428}
}

@Article{Edge_linking_using_geodesic_distance_neighborhood_information,
  author =       "Zhijie Wang, Hong Zhang",
  title =        "Edge Linking Using Geodesic Distance and Neighborhood Information",
  journal =      "International Conference on Advanced Intelligent Mechatronics",
  year =         "2008",
  volume =    "",
  number =    "",
  pages =     "",
  note 	= {doi:10.1109/AIM.2008.4601650}
}

@Article{Sequential_edge_linking_method_segmentation_remotely_sensed_imagery,
  author =       "Xiaomin Ji, Xueliang Zhang, and Lifeng Zhang",
  title =        "Sequential Edge Linking Method for Segmentation of Remotely Sensed Imagery Based on Heuristic Search",
  journal =      "Geoinformatics (GEOINFORMATICS), 2013 21st International Conference on",
  year =         "2013",
  volume =    "",
  number =    "",
  pages =     "",
  note 	= {doi:10.1109/Geoinformatics.2013.6626164}
}

@Article{Illumination_normalization_based_on_2d_gaussian_model,
  author =       "Yu Cheng, Zhigang Jin, and Cunming Hao",
  title =        "Illumination Normalization based on 2D Gaussian Illumination Model",
  journal =      "International Conference on Advanced Computer Theory and Engineering (ICACTE)",
  year =         "2010",
  volume =    "",
  number =    "",
  pages =     "",
  note 	= {doi:10.1109/ICACTE.2010.5579870}
}

@Article{Illumination_normalization_among_multiple_remote_senging_images,
  author =       "Guoji Zhang, Qiang Chen, and Quansen Sun",
  title =        "Illumination Normalization Among Multiple Remote-Sensing Images",
  journal =      "IEEE Geoscience and Remote Sensing Letters",
  year =         "2014",
  volume =    "11",
  number =    "9",
  pages =     "",
  note 	= {doi:10.1109/LGRS.2013.2295794}
}

@Article{Illumination_normalization_for_image_restoration_using_modified_retinex_algorithm,
  author =       "G.Lloyds Raja, Maheshkumar H. Kolekar",
  title =        "Illumination Normalization for Image Restoration Using Modified Retinex Algorithm",
  journal =      "India Conference (INDICON), 2012 Annual IEEE",
  year =         "2012"",
  volume =    "",
  number =    "",
  pages =     "",
  note 	= {doi:10.1109/INDCON.2012.6420752}
}

@Article{Image_segmentation_using_texture_gradient_based_watershed_transform,
  author =       "Paul R. Hill, C. Nishan Canagarajah, and David R. Bull",
  title =        "Image Segmentation Using a Texture Gradient Based Watershed Transform",
  journal =      "IEEE Transactions on Image Processing",
  year =         "2003",
  volume =    "12",
  number =    "12",
  pages =     "1618-1633",
  note 	= {doi:10.1109/TIP.2003.819311}
}

@Article{Watershed-based-textural-image-segmentation,
  author =       "Shuang Wang, Xuili Ma, Xiangrong Zhang, and Licheng Jiao",
  title =        "Watershged-Based Textural Image Segmentation",
  journal =      "International Symposium on Intelligent Signal Processing and Communications Systems",
  year =         "2007",
  volume =    "",
  number =    "",
  pages =     "",
  note 	= {doi:10.1109/IITA.2008.285}
}

@Article{Fingerprint-pore-extraction-based-marker-controlled-watershed-segmentation,
  author =       "S. Malathi, S. Uma Maheswari, C. Meena",
  title =        "Fingerprint Pore Extraction Based on Marker Controlled Watershed Segmentation",
  journal =      "Computer and Automation Engineering (ICCAE)",
  year =         "2010",
  volume =    "",
  number =    "",
  pages =     "",
  note 	= {doi:10.1109/ICCAE.2010.5451426}
}

@Article{Watershed-transform-definition-algorithms-parallelization-strategies,
  author =       "Jos B.T.M. Roerdink, and Arnold Meijster",
  title =        "The Watershed Transform: Definitions, Algorithms and Parallelization Strategies",
  journal =      "Fundamenta Informaticae",
  year =         "2001",
  volume =    "",
  number =    "",
  pages =     "",
  note 	= {doi:10.1.1.10.3852}
}

@Article{Detection-breast-tumor-candidates-using-marker-controlled-watershed-segmentation,
  author =       "Samual H. Lewis and Aijuan Dong",
  title =        "Detection of Breast Tumor Candidates Using Marker-controlled Watershed Segmentation and Morphological Analysis",
  journal =      "Image Analysis and Interpretation (SSIAI), 2012 IEEE Southwest Symposium on",
  year =         "2012",
  volume =    "41",
  number =    "",
  pages =     "187-228",
  note 	= {doi:10.1109/SSIAI.2012.6202438}
}

@Article{Summed-area-tables-for-texture-mapping,
  author =       "Franklin C. Crow",
  title =        "Summed-Area Tables for Texture Mapping",
  journal =      "Computer Graphics",
  year =         "1984",
  OPTvolume =    "18",
  OPTnumber =    "3",
  OPTpages =     "207-212",
  note 	= {doi:10.1145/800031.808600}
}

@Article{Robust-real-time-Object-Detection,
  author =       "Paul Viola, and Michael J. Jones",
  title =        "Robust Real-Time Object Detection",
  journal =      "International Journal of Computer Vision",
  year =         "2001",
  volume =    "",
  number =    "",
  pages =     "",
  note 	= {doi:10.1.1.110.4868}
}

@Article{Color-image-segmentation,
  author =       "F. Meyer",
  title =        "Color Image Segmentation",
  journal =      "Image Processing and its Applications, 1992., International Conference on",
  year =         "1992",
  volume =    "",
  number =    "",
  pages =     ""
}

@Article{Bilateral-filtering-gray-color-images,
  author =       "C. Tomasi, R. Manduchi",
  title =        "Bilateral Filtering for Gray and Color Images",
  journal =      "Proceedings of the 1998 IEEE International Conference on Computer Vision",
  year =         "1998",
  OPTvolume =    "",
  OPTnumber =    "",
  OPTpages =     "",
  note 	= {doi:10.1109/ICCV.1998.710815}
}

@Article{Automated-mapping-linear-dunefield-morphometric-parameters,
  author =       "M.W. Telfer, RM. Fyfe, S. Lewin",
  title =        "Automated mapping of linear dunefield morphometric parameters from remotely-sensed data",
  journal =      "Aeolian Research",
  year =         "2015",
  volume =    "19",
  number =    "B",
  pages =     "215-224",
  note 	= {doi:10.1016/j.aeolia.2015.03.001}
}

@Article{Probabilistic-tensor-voting-robust-perceptual-grouping,
  author =       "Dian Gong and Gerard Medioni",
  title =        "Probabilistic Tensor Voting for Robust Perceptual Grouping",
  journal =      "Computer Vision and Pattern Recognition Workshops (CVPRW)",
  year =         "2012",
  volume =    "",
  number =    "",
  pages =     "",
  note 	= {doi:10.1109/CVPRW.2012.6238926}
}

@Article{Inferring-global-perceptual-contours-local-features,
  author =       "Gideon Guy and Gerard Medioni",
  title =        "Inferring Global Perceptual Contours from Local Features",
  journal =      "International Journal of Computer Vision",
  year =         "1996",
  volume =    "20",
  number =    "1",
  pages =     "113-133",
  note 	= {doi:10.1007/BF00144119}
}

@Article{Relationship-between-precision-recall-roc-curves,
  author =       "Jesse Davis, and Mark Goadrich",
  title =        "The Relationship Between Precision-Recall and ROC Curves",
  journal =      "Proceedings of the 23rd International Conference on Machine Learning",
  year =         "2006",
  volume =    "",
  number =    "",
  pages =     "233-240",
  note 	= {doi:10.1145/1143844.1143874}
}

@Article{Aeolian-system-sediment-state,
	author =       "Gary Kocurek and Nicholas Lancaster",
	title =        "Aoelian system sediment state: theory and Mojave Desert Kelso dunefield example",
	journal =      "Sedimentology",
	year =         "1999",
	volume =    "46",
	number =    "3",
	pages =     "505-515",
	note 	= {doi:10.1046/j.1365-3091.1999.00227.x}
}

@Article{the-problem-of-overfitting,
	author =       "Douglas M. Hawkins",
	title =        "The Problem of Overfitting",
	journal =      "Journal of Chemical Information and Computer Sciences",
	year =         "2004",
	volume =    "44",
	number =    "1",
	pages =     "1-12",
	note 	= {doi:10.1021/ci0342472}
}

@Article{neural-network-studies-overfitting-overtraining,
	author =       "Igor V. Tetko, David J. Livingstone, and Alexander I. Luik",
	title =        "Neural Network Studies. 1. Comparison of Overfitting and Overtraining",
	journal =      "Journal of Chemical Information and Computer Sciences",
	year =         "1995",
	volume =    "35",
	number =    "5",
	pages =     "826-833",
	note 	= {doi:10.1021/ci00027a006}
}

@Article{over-fitting-model-selection-bias,
	author =       "Gavin C. Cawley, Nicola L. C. Talbot",
	title =        "On Over-fitting in Model Selection and Subsequent Bias in Performance Evaluation",
	journal =      "Journal of Machine Learning Research",
	year =         "2010",
	volume =    "11",
	number =    "",
	pages =     "2079-2107"
}	

@Article{thinning-algorithms,
	author =       "Robert Fisher, Simon Perkins, Ashley Walker and Erik Wolfart",
	title =        "Thinning",
	journal =      "Hypermedia Image Processing Reference (HIPR2)",
	year =         "2003"
}

@Article{performance-characterization-thinning,
	author =       "Robert M. Haralick",
	title =        "Performance Characterization in Image Analysis: Thinning, A Case in Point",
	journal =      "Pattern Recognition Letters",
	year =         "1992",
	volume =    "13",
	number =    "1",
	pages =     "5-12",
	note 	= {doi:10.1016/0167-8655(92)90108-C}
}

@Article{susan-new-approach-low-level-image-processing,
	author =       "S.M. Smith, J. M. Brady",
	title =        "SUSAN - A New Approach to Low Level Image Processing",
	journal =      "International Journal of Computer Vision",
	year =         "1997",
	OPTvolume =    "23",
	OPTnumber =    "1",
	OPTpages =     "45-78",
	note 	= {doi:10.1023/A:1007963824710}
}

@Article{segmentation-free-skeletonization-grayscale-volumes,
	author =       "Sasakthi Abeysinghe, Matthew Baker, Wah Chiu, Tao Ju",
	title =        "Segmentation-free Skeletonization of Grayscale Volumes for Shape Understanding.",
	journal =      "IEEE International Conference on Shape Modeling and Applications",
	year =         "2008",
	volume =    "",
	number =    "",
	pages =     "63-71",
	note 	= {doi:10.1109/SMI.2008.4547951}
}

@Article{skeleton-pruning-contour-partitioning-discrete-curve-evolution,
	author =       "Xian Bai, Latecki Longin, Liu Wenyu",
	title =        "Skeleton Pruning by Contour Partitioning with Discrete Curve Evolution",
	journal =      "IEEE Transactions on Pattern Analysis and Machine Intelligence",
	year =         "2007",
	volume =    "29",
	number =    "3",
	pages =     "449-462",
	note 	= {doi:10.1109/TPAMI.2007.59}
}

@Article{automatic-medial-axis-pruning-mapping-characteristics,
	author =       "Robert L. Ogniewicz",
	title =        "Automatic Medial Axis Pruning by Mapping Characteristics of Boundaries Evolving under the Euclidean Geometric Heat Flow onto Voronoi Skeletons",
	journal =      "Harvard Robotics Laboratory",
	year =         "1995",
	volume =    "Tech. Rep. 95-4",
	number =    "",
	pages =     "",
	note 	= {doi:10.1.1.45.3291}
}

@Article{fast-parallel-algorithm-thinning,
	author =       "T. Y. Zhang, C. Y. Suen",
	title =        "A Fast Parallel Algorithm for Thinning Digital Patterns",
	journal =      "Communication of the ACM",
	year =         "1984",
	volume =    "27",
	number =    "3",
	pages =     "236-239",
	note 	= {doi:10.1145/357994.358023}
}

@Patent{hough-1962-patent,
	author = "Hough, P.V.C.",
	title = "Method and means for recognizing complex patterns",
	year = "1962",
	month = "12",
	day = "18",
	number = "US 3,069,654",
	type = "Patent",
	version = "",
	location = "US",
}

@Article{hough-1959-paper,
	author =       "P.V.C. Hough",
	title =        "Machine Analysis of Bubble Chamber Pictures",
	journal =      "International Conference High Energy Accelerators and Instrumentation",
	year =         "1959",
	volume =    "",
	number =    "",
	pages =     "",
}

@Article{hough-duda-1972-paper,
	author =       "R. O. Duda, P. E. Hart",
	title =        "Use of the Hough Transformation to Detect Lines and Curves in Pictures",
	journal =      "Communications, ACM",
	year =         "1972",
	volume =    "15",
	number =    "1",
	pages =     "11-15",
	note 	= {doi:10.1145/357994.358023}
}

@Article{ramer-1972-paper,
	author =       "Urs Ramer",
	title =        "An iterative procedure for the polygonal approximation of plane curves",
	journal =      "Computer Graphics and Image Processing",
	year =         "1972",
	volume =    "1",
	number =    "3",
	pages =     "244–256",
	note 	= {doi:10.1016/S0146-664X(72)80017-0}
}

@Article{douglas-peucker-1973-paper,
	author =       "David Douglas and Thomas Peucker",
	title =        "Algorithms for the reduction of the number of points required to represent a digitized line or its caricature",
	journal =      "The Canadian Cartographer",
	year =         "1973",
	volume =    "10",
	number =    "2",
	pages =     "112–122",
	note 	= {doi:10.1002/9780470669488.ch2}
}

@Article{douglas-hershberger-snoeyink-1992-paper,
	author =       "John Hershberger and Jack Snoeyink",
	title =        "Speeding Up the Douglas–Peucker Line-Simplification Algorithm",
	journal =      "Proc 5th Symp on Data Handling",
	year =         "1992",
	volume =    "",
	number =    "",
	pages =     "134–143",
}

@Article{connected-components-samet-tamminen-1988-paper,
	author =       "H. Samet and M. Tamminen ",
	title =        "Efficient Component Labeling of Images of Arbitrary Dimension Represented by Linear Bintrees",
	journal =      "IEEE Transactions on Pattern Analysis and Machine Intelligence",
	year =         "1988",
	volume =    "10",
	number =    "4",
	pages =     "579",
	note 	= {doi:10.1109/34.3918}
}

@Article{connected-components-dillencourt-1992-paper,
	author =       "Michael B. Dillencourt, Hannan Samet and Markku Tamminen",
	title =        "A general approach to connected-component labeling for arbitrary image representations",
	journal =      "Journal of the ACM",
	year =         "1992",
	volume =    "39",
	number =    "2",
	pages =     "253",
	note 	= {doi:10.1145/128749.128750}
}

@Article{computing-average-orientation-of-vectors,
	author =       "Edwin Olson",
	title =        "On Computing the Average Orientation of Vectors and Lines",
	journal =      "IEEE International Conference on Robotics and Automation",
	year =         "2011",
	volume =    "",
	number =    "",
	pages =     "3869-3874",
	note 	= {doi:10.1109/ICRA.2011.5979562}
}

@Article{statistical-pattern-recognition,
	author =       "Jain, A.K., Duin, R.P.W., Jianchang, M.",
	title =        "Statistical pattern recognition: a review. Pattern Analysis and Machine Intelligence",
	journal =      "IEEE Transactions on Pattern Analysis and Machine Intelligence",
	year =         "2000",
	volume =    "22",
	number =    "1",
	pages =     "4-37",
	note 	= {doi:10.1109/34.824819}
}

@Article{bourke-lancaster-geomorphology-2010,
	author =       "Bourke, M.C., Lancaster, N., Fenton, L.K., Parteli, E.J.R., Zimbelman, J.R., Radebaugh, J.",
	title =        "Extraterrestrial dunes: An introduction to the special issue on planetary dune systems.",
	journal =      "Geomorphology",
	year =         "2010",
	volume =    "121",
	number =    "1-2",
	pages =     "1-14",
	note 	= {doi:10.1016/j.geomorph.2010.04.007}
}

@Article{burns-hanson-riseman-1986,
	author =       "Burns, J.B., Hanson, A.R., Riseman, E.M.",
	title =        "Extracting Straight Lines. Pattern Analysis and Machine Intelligence.",
	journal =      "IEEE Transactions on PAMI",
	year =         "1986",
	volume =    "8",
	number =    "4",
	pages =     "425-455",
	note 	= {doi:10.1109/TPAMI.1986.4767808}
}

@Article{desolneux-moisan-morel-2000,
	author =       "Desolneux, A., Moisan, L., Morel, J.-M.",
	title =        "Meaningful Alignments.",
	journal =      "International Journal of Computer Vision",
	year =         "2000",
	volume =    "40",
	number =    "1",
	pages =     "7-23",
	note 	= {doi:10.1023/A:1026593302236}
}

@Article{duda-hart-1972,
	author =       "Duda, R. O. and Hart, P. E.",
	title =        "Use of the Hough Transformation to Detect Lines and Curves in Pictures",
	journal =      "Comm. ACM",
	year =         "1972",
	volume =    "15",
	number =    "1",
	pages =     "11–15",
	note 	= {doi:10.1145/361237.361242}
}

@Article{ewing-kocurek-lake-2006,
	author =       "Ewing, R., C., Kocurek, G., Lake.L.W.",
	title =        "Pattern analysis of dune-field parameters.",
	journal =      "Earth Surface Processes and Landforms",
	year =         "2006",
	volume =    "31",
	number =    "9",
	pages =     "1176-1191",
	note 	= {doi:10.1002/esp.1312}
}

@Article{ewing-peyret-kocurek-bourke-2010,
	author =       "Ewing, R.C., Peyret, A.-P.B., Kocurek, G., Bourke, M.",
	title =        "Dune field pattern formation and recent transporting winds in the Olympia Undae Dune Field, north polar region of Mars.",
	journal =      "Journal of  Geophysical Research",
	year =         "2010",
	volume =    "",
	number =    "115",
	pages =     "E08005",
	note 	= {doi:10.1007/s11071-006-2016-3}
}

@Article{fenton-michaels-beyer-2014,
	author =       "Fenton, L.K., Michaels, T.I., Beyer, R.A.",
	title =        "Inverse maximum gross bedform-normal transport 1: How to determine a dune-constructing wind regime using only imagery.",
	journal =      "Icarus",
	year =         "2014",
	volume =    "230",
	number =    "",
	pages =     "5-14",
	note 	= {doi:10.1016/j.icarus.2013.04.001}
}

@Article{fenton-michaels-chojnacki-beyer-2014,
	author =       "Fenton, L.K., Michaels, T.I., Chojnacki, M., Beyer, R.A.",
	title =        "Inverse maximum gross bedform-normal transport 2: Application to a dune field in Ganges Chasma, Mars and comparison with HiRISE repeat imagery and MRAMS.",
	journal =      "Icarus",
	year =         "2014",
	volume =    "230",
	number =    "",
	pages =     "47-63",
	note 	= {doi:10.1016/j.icarus.2013.07.009}
}

@Article{jia-tang-2005,
	author =       "Jia, J., Tang, C.K.",
	title =        "Tensor Voting for Image Correction by Global and Local Intensity Alignment",
	journal =      "IEEE Transactions on Pattern Analysis and Machine Intelligence",
	year =         "2005",
	volume =    "27",
	number =    "1",
	pages =     "36-50",
	note 	= {doi:10.1109/TPAMI.2005.20}
}

@Article{jia-tai-wu-tang-2006,
	author =       "Jia, J. , Tai, Y., Wu, T., Tang, C.K.",
	title =        "Video Repairing under Variable Illumination Using Cyclic Motions",
	journal =      "IEEE Transactions on Pattern Analysis and Machine Intelligence",
	year =         "2006",
	volume =    "28",
	number =    "5",
	pages =     "832-839",
	note 	= {doi:10.1109/TPAMI.2006.108}
}

@Article{kocurek-ewing-2005,
	author =       "Kocurek, G., Ewing, R., C.",
	title =        "Aeolian dune field self-organization - implications for the formation of simple versus complex dune field patterns.",
	journal =      "Geomorphology",
	year =         "2005",
	volume =    "",
	number =    "72",
	pages =     "94-105",
	note 	= {doi:10.1016/j.geomorph.2005.05.005}
}

@Article{loss-bebis-nicolescu-skurikhin-2009,
	author =       "Loss, L., Bebis, G., Nicolescu, M., Skurikhin, A.",
	title =        "An Iterative Multi-Scale Tensor Voting Scheme for Perceptual Grouping of Natural Shapes in Cluttered Backgrounds",
	journal =      "Computer Vision and Image Understanding, Elsevier",
	year =         "2009",
	volume =    "113",
	number =    "1",
	pages =     "126-149",
	note 	= {doi:10.1016/j.cviu.2008.07.011}
}

@Article{mordohai-medioni-2006,
	author =       "Mordohai, P. G., Medioni, G.",
	title =        "Stereo Using Monocular Cues within the Tensor Voting Framework",
	journal =      "IEEE Transactions on Pattern Analysis and Machine Intelligence",
	year =         "2006",
	volume =    "28",
	number =    "6",
	pages =     "968-982",
	note 	= {doi:10.1109/TPAMI.2006.129}
}

@Article{nicolescu-medioni-2005,
	author =       "Nicolescu, M., Medioni, G.",
	title =        "A Voting-Based Computational Framework for Visual Motion Analysis and Interpretation",
	journal =      "IEEE Transactions on Pattern Analysis and Machine Intelligence",
	year =         "2005",
	volume =    "27",
	number =    "5",
	pages =     "739-752",
	note 	= {doi:10.1109/TPAMI.2005.91}
}

@Article{tang-medioni-lee-2001,
	author =       "Tang, C.K., G. Medioni, G., Lee, M.S.",
	title =        "N-Dimensional Tensor Voting, and Application to Epipolar Geometry Estimation",
	journal =      "IEEE Transactions on Pattern Analysis and Machine Intelligence",
	year =         "2001",
	volume =    "23",
	number =    "8",
	pages =     "829-844",
	note 	= {doi:10.1109/34.946987}
}

@Article{gioi-jakubowicz-morel-randall-2010,
	author =       "von Gioi, R.G., Jakubowicz, J., Morel, J.M., Randall, G.",
	title =        "LSD: A Fast Line Segment Detector with a False Detection Control",
	journal =      "IEEE Transactions on Pattern Analysis and Machine Intelligence",
	year =         "2010",
	volume =    "32",
	number =    "4",
	pages =     "722-732",
	note 	= {doi:10.1109/TPAMI.2008.300}
}
